@inproceedings{Congote:2011,
 author = {Congote, John and Segura, Alvaro and Kabongo, Luis and Moreno, Aitor and Posada, Jorge and Ruiz, Oscar},
 title = {Interactive Visualization of Volumetric Data with WebGL in Real-time},
 booktitle = {Proceedings of the 16th International Conference on 3D Web Technology},
 series = {Web3D '11},
 year = {2011},
 isbn = {978-1-4503-0774-1},
 location = {Paris, France},
 pages = {137--146},
 numpages = {10},
 url = {http://doi.acm.org/10.1145/2010425.2010449},
 doi = {10.1145/2010425.2010449},
 acmid = {2010449},
 publisher = {ACM},
 address = {New York, NY, USA},
 keywords = {WebGL, direct volume rendering, medical imaging, ray casting, real-time visualization, weather radar volume},
}
